@article{lundgren1985seasonal,
  title={Seasonal variation in catabolic enzyme activities in breast muscle of some migratory birds},
  author={ {Lundgren, B O  and  Kiessling, Karl Heinz }},
  journal={Oecologia},
  volume={66},
  number={4},
  pages={468-471},
  year={1985},
}
@article{黄高宝2005植物化感作用影响因素的再认识,
  title={植物化感作用影响因素的再认识},
  author={黄高宝 and 柴强 and 黄鹏},
  journal={草业学报},
  volume={14},
  number={2},
  pages={16--22},
  year={2005}
}

@article{郭海林2007结缕草属优良品系,
  title={结缕草属优良品系 SSR 指纹图谱的构建},
  author={郭海林 and 刘建秀 and 高鹤 and 何秋 and 胡化广},
  journal={草业学报},
  volume={16},
  number={2},
  pages={53--59},
  year={2007}
}

@book{郑慧莹1999松嫩平原盐生植物与盐碱化草地的恢复,
  title={松嫩平原盐生植物与盐碱化草地的恢复},
  author={郑慧莹 and 李建东},
  year={1999},
  publisher={科学出版社}
}

@article{carneiro1960slash,
  title={Slash-and-burn agriculture: a closer look at its implications for settlement patterns},
  author={{Carneiro, Robert}},
  author={Rosenthall and  E., M },
  journal={Men and cultures},
  pages={229--234},
  year={1960},
  publisher={Univ. of Pennsylvania Press}
}

@book{辛希孟1994信息技术与信息服务国际研讨会论文集,
  title={信息技术与信息服务国际研讨会论文集 A集},
  author={辛希孟},
  publisher={信息技术与信息服务国际研讨会论文集  A集},
  year={1994},
}

@inproceedings{钟文发1996非线性规划在可燃毒物配置中的应用,
  title={非线性规划在可燃毒物配置中的应用},
  author={钟文发},
  booktitle={中国运筹学会第五届大会},
  year={1996},
}

@book{Rosenthall1963Proceedings,
  title={Proceedings of the fifth Canadian Mathematical Congress, University of Montreal, 1961},
  author={Rosenthall and  E., M },
  publisher={Proceedings of the Fifth Canadian Mathematical Congress :},
  year={1963},
}

@article{黄东益2003旗草内生真菌的特异,
  title={旗草内生真菌的特异PCR分析与抗菌作用的研究},
  author={黄东益},
  journal={华南热带农业大学},
  year={2003},
}

@article{calms1965infrared,
  title={Infrared spectroscopic studies on solid oxygen},
  author={CALMS, RB},
  journal={Berkeley: Univ. of California},
  year={1965}
}

@misc{王明亮1998关于中国学术期刊标准化数据库系统工程的进展,
  title={关于中国学术期刊标准化数据库系统工程的进展},
  author={王明亮},
  journal={1998-01-04)[1998-08-16]. http://www. cajcd. edu},
  year={1998}
}

@misc{姜锡洲0一种温热外敷药的制备方法,
  title={一种温热外敷药的制备方法},
  author={姜锡洲},
}